@book{moyses,
    author = {Herch Moysés Nussenzveig},
    title = {Curso de Física Básica 3: Eletromagnetismo.},
    publisher = {Edgard Blucher},
    address = {São paulo},
    year = 1981
}

@book{leithold,
    author = {Louis Leithold},
    title = {O cálculo com geometria analítica: volume 2. 3 ed},
    publisher = {Harbra},
    address={São Paulo},
    year = {1994}
}

@book{peruzzo,
    author = {Jucimar peruzzo},
    title = {Uso do \LaTeX\:na elaboração de trabalhos acadêmicos},
    publisher = {Edição do Autor},
    address={Santa Catarina},
    year = {2020}
}
